@article{araujo,
author = "Nilberto Dias de Araújo et. al.",
title = "The effects and applications of bioinformatics on the biomedical area",
journal = "Estudos de Biologia",
volume = "30",
number = "70-72",
pages = "143-148",
year = "2008",
keywords = "biologia molecular computacional",
}

@misc{biologia,
title = "Introdução à Biologia Molecular Computacional",
year = "2007",
author = "Kátia Guimarães",
url = "https://www.cin.ufpe.br/~katiag/cursos/20091/IF803IN1115/programacAulas.html",
urldate = "02-08-2021",
}

@misc{ementa,
title = "Ementa das disciplinas de Ciências da Computação",
year = "2013",
author = "Sistema de Informação e Gestão Acadêmica da Universidade Federal de Pernambuco",
url = "https://www.ufpe.br/documents/38970/411209/ciencia_computacao_perfil_2002.pdf/09862676-8330-4642-af94-6ec9e8607a62",
urldate = "02-08-2021",
}

